@article{brooks1921,
  title={Voters' Vagaries},
  author={Brooks, Robert C},
  journal={Nat'l Municipal Rev.},
  volume={10},
  pages={161},
  year={1921}
}

@article{casasanto2009embodiment,
  title={Embodiment of Abstract Concepts: Good and Bad in Right- and Left-Handers},
  author={Casasanto, Daniel},
  journal={Journal of Experimental Psychology: General},
  volume={138},
  number={3},
  pages={351--367},
  year={2009},
  publisher={American Psychological Association}
}

@book{cox1958planning,
  title={Planning of Experiments},
  author={Cox, David Roxbee},
  year={1958},
  publisher={John Wiley and Sons}
}

@book{fisher1935design,
  title={The Design of Experiments},
  author={Fisher, Ronald Aylmer},
  year={1935},
  publisher={Oliver and Boyd}
}

@book{hernan2020causal,
  title={Causal Inference: What If},
  author={Hernán, Miguel A and Robins, James M},
  year={2020},
  publisher={Chapman \& Hall/CRC}
}

@article{ho2006randomization,
  title={Randomization Inference with Natural Experiments: An
  Analysis of Ballot Effects in the 2003 California Recall Election},
  author={Ho, Daniel E and Imai, Kosuke},
  journal={Journal of the American Statistical Association},
  volume={101},
  number={475},
  pages={888--900},
  year={2006},
  publisher={Taylor \& Francis}
}

@article{holland1986statistics,
  title={Statistics and causal inference},
  author={Holland, Paul W},
  journal={Journal of the American Atatistical Association},
  volume={81},
  number={396},
  pages={945--960},
  year={1986},
  publisher={Taylor \& Francis}
}

@article{horvitz1952generalization,
  title={A Generalization of Sampling Without Replacement from a Finite Universe},
  author={Horvitz, Daniel G and Thompson, Donovan J},
  journal={Journal of the American Statistical Association},
  volume={47},
  number={260},
  pages={663--685},
  year={1952},
  publisher={Taylor \& Francis}
}

@book{imbens2015causal,
  title={Causal Inference in Statistics, Social, and Biomedical Sciences},
  author={Imbens, Guido W and Rubin, Donald B},
  year={2015},
  publisher={Cambridge University Press}
}

@article{kim2019position,
  title={Position effects of menu item displays in consumer choices: Comparisons of horizontal versus vertical displays},
  author={Kim, Jungkeun and Hwang, Euejung and Park, Jooyoung and Lee, Jacob C and Park, Jongwon},
  journal={Cornell Hospitality Quarterly},
  volume={60},
  number={2},
  pages={116--124},
  year={2019},
  publisher={SAGE Publications Sage CA: Los Angeles, CA}
}

@aritical{neyman1923application,
  title={On the application of probability theory to agricultural experiments. Essay on principles. Section 9. Reprinted Edition},
  author={Neyman, Jerzy},
  journal={Statistical Science},
  volume={5},
  number={4},
  pages={465--472},
  year={1923},
  publisher={JSTOR}
}

@article{rosenbaum2007interference,
  title={Interference between units in randomized experiments},
  author={Rosenbaum, Paul R},
  journal={Journal of the American Statistical Association},
  volume={102},
  number={477},
  pages={191--200},
  year={2007},
  publisher={Taylor \& Francis}
}

@article{rubin1974estimating,
  title={Estimating causal effects of treatments in randomized and nonrandomized studies.},
  author={Rubin, Donald B},
  journal={Journal of Educational Psychology},
  volume={66},
  number={5},
  pages={688--701},
  year={1974},
  publisher={American Psychological Association}
}

@article{rubin1980discussion,
  title={Discussion of ``{{Randomized}} analysis of experimental data: the Fisher randomization test'' by {Basu} {D}},
  author={Rubin, Donald B},
  journal={Journal of the American Statistical Association},
  volume={75},
  pages={591--593},
  year={1980}
}

@article{simon1955behavioral,
  title={A Behavioral Model of Rational Choice},
  author={Simon, Herbert A},
  journal={The Quarterly Journal of Economics},
  volume={69},
  number={1},
  pages={99--118},
  year={1955}
}

@article{王宏恩2014喜獲籤王,
  title={喜獲籤王？初探我國選舉中的排序效應：以 2002 縣市議員選舉為例},
  author={王宏恩},
  journal={政治科學論叢},
  number={2},
  pages={195--220},
  year={2014},
  publisher={國立臺灣大學政治學系}
}

